@misc{Murphy2006,
  author = {Kevin, P. Murphy},
  title = {Naive Bayes classifiers},
  howpublished = "{http://www.cs.ubc.ca/~murphyk/Teaching/CS340-Fall06/reading/NB.pdf/}",
  year = {2006}, 
  note = "[Online; accessed 12-Feb-2014]"
}


@book{Manning2008IIR,
 author = {Manning, Christopher D. and Raghavan, Prabhakar and Sch\"{u}tze, Hinrich},
 title = {Introduction to Information Retrieval},
 year = {2008},
 isbn = {0521865719, 9780521865715},
 publisher = {Cambridge University Press},
 address = {New York, NY, USA},
} 